% Encoding: UTF-8

@Standard{ISO80000,
  title        = {{ISO} 80000-1: Quantities and units — Part 1: General},
  organization = {International Organization for Standardization},
  year         = {2009},
}

@Standard{123,
	title        = {{ISO} 80000-1: Quantities and units — Part 1: General},
	organization = {International Organization for Standardization},
	year         = {2011},
}

@article{laschi2016soft,
	title={Soft robotics: Technologies and systems pushing the boundaries of robot abilities},
	author={Laschi, Cecilia and Mazzolai, Barbara and Cianchetti, Matteo},
	journal={Sci. Robot.},
	volume={1},
	number={1},
	pages={eaah3690},
	year={2016}
}

@online{blsGov,
	title={Occupational Outlook Handbook, Software Developers},
	author={Bureau of Labor Statistics, U.S. Department of Labor},
	year = 2018,
	url = {https://www.bls.gov/ooh/computer-and-information-technology/software-developers.htm},
	urldate = {2019-03-28}
}

@article{klein2005common,
	title={Common ground and coordination in joint activity},
	author={Klein, Gary and Feltovich, Paul J and Bradshaw, Jeffrey M and Woods, David D},
	journal={Organizational simulation},
	volume={53},
	pages={139--184},
	year={2005}
}

@article{azuma1997survey,
	title={A survey of augmented reality},
	author={Azuma, Ronald T},
	journal={Presence: Teleoperators \& Virtual Environments},
	volume={6},
	number={4},
	pages={355--385},
	year={1997},
	publisher={MIT Press}
}

@incollection{perey2011current,
	title={Current status of standards for augmented reality},
	author={Perey, Christine and Engelke, Timo and Reed, Carl},
	booktitle={Recent Trends of Mobile Collaborative Augmented Reality Systems},
	pages={21--38},
	year={2011},
	publisher={Springer}
}

@inproceedings{figueroa2006conceptual,
	title={A conceptual model and specification language for mixed reality interface components},
	author={Figueroa, Pablo and Dachselt, Raimund and Lindt, Irma},
	booktitle={VR 2006, In Proc. of the Workshop “Specification of Mixed Reality User Interfaces: Approaches, Languages, Standardization},
	pages={4--11},
	year={2006}
}