% Encoding: UTF-8

@Standard{ISO80000,
  title        = {{ISO} 80000-1: Quantities and units — Part 1: General},
  organization = {International Organization for Standardization},
  year         = {2009},
}

@Standard{123,
	title        = {{ISO} 80000-1: Quantities and units — Part 1: General},
	organization = {International Organization for Standardization},
	year         = {2011},
}

@article{laschi2016soft,
	title={Soft robotics: Technologies and systems pushing the boundaries of robot abilities},
	author={Laschi, Cecilia and Mazzolai, Barbara and Cianchetti, Matteo},
	journal={Sci. Robot.},
	volume={1},
	number={1},
	pages={eaah3690},
	year={2016}
}

@online{blsGov,
	title={Occupational Outlook Handbook, Software Developers},
	author={Bureau of Labor Statistics, U.S. Department of Labor},
	year = 2018,
	url = {https://www.bls.gov/ooh/computer-and-information-technology/software-developers.htm},
	urldate = {2019-03-28}
}
